%% -*- mode: BibTeX -*-
%%

%%%%%%%%%%%%%%%%%%%%%%%%%%%%%%%%%%%%%%%%%%%%%%%%%%%%%%%%%%%%%%%%%%%%%%%%%%%%%%%

@string{proc_ = "Proceedings of the "}

%%%%%%%%%%%%%%%%%%%%%%%%%%%%%%%%%%%%%%%%%%%%%%%%%%%%%%%%%%%%%%%%%%%%%%%%%%%%%%%

%% Add your bibliography records here.  For example:

@inproceedings{Gundogran+:icn18,
  author =	 "G{\"{u}}ndo\u{g}ran, Cenk and Kietzmann, Peter and Lenders,
                  Martine and Petersen, Hauke and Schmidt, Thomas C. and
                  W{\"{a}}hlisch, Matthias",
  title =	 "{NDN}, {CoAP}, and {MQTT}: A Comparative Measurement Study in
                  the {IoT}",
  booktitle =	 proc_ # "5th ACM Conference on Information-Centric Networking
                  (ICN)",
  pages =	 "159--171",
  year =	 2018,
  month =	 sep,
  url =		 "https://doi.org/10.1145/3267955.3267967",
  doi =		 "10.1145/3267955.3267967",
  keywords =	 "security, energy, protocol evaluation, measurement, internet
                  of things, wireless"
}

@inproceedings{Breen+:wintech20,
  author =       "Joe Breen and Andrew Buffmire and Jonathon Duerig and Kevin
                  Dutt and Eric Eide and Mike Hibler and David Johnson and
                  Sneha Kumar Kasera and Earl Lewis and Dustin Maas and Alex
                  Orange and Neal Patwari and Daniel Reading and Robert Ricci
                  and David Schurig and Leigh B. Stoller and Van der Merwe,
                  Jacobus and Kirk Webb and Gary Wong",
  title =        "{POWDER}: Platform for Open Wireless Data-driven Experimental
                  Research",
  booktitle =    "Proceedings of the 14th International Workshop on Wireless
                  Network Testbeds, Experimental Evaluation and
                  Characterization (WiNTECH)",
  year =         2020,
  month =        sep,
  doi =          "10.1145/3411276.3412204",
}

@misc{powder,
  author =	 "{Flux Research Group}",
  title =	 "{POWDER}: Platform for Open Wireless Data-driven Experimental
                  Research",
  year =	 2020,
  howpublished = "{\url{https://powderwireless.net/}}"
}


%% Path Loss Shadowing fading and line of sight probability models 
@article{pathloss,
 author = {Sun, S. and Thomas, T. and Rappaport, T. and Nguyen, H. and Kovacs, I. and Rodriquez, I.},
 title = {Path Loss, Shadow Fading and Line-of-sight Probability Models for 5G Urban Macro-Cellular Scenarios},
 journal ={2012 IEEE Globecom Workshops},
 issue_date = {December 2015},
 month = dec,
 year = {2015},
 numpages = {7},
 url = {https://ieeexplore.ieee.org/document/7414036},
 doi = {10.1109/GLOCOMW.2015.7414036},
 publisher = {IEEE},
 keywords = {Data models, Antenna measurements, Mathematical model, Loss Measurements, Fading channels, 5G mobile communication },
} 

@article{directionalradio,
 author = {Sulyman, A. and Alwarafy, A. and MacCartney, G. and Rappaport, T. and Alsanie, A.},
 title = {Directional Radio Propagation Path Loss Models for Millimeter-wave wireless Networks in the 28-, 60-, and 73-GHz Bands},
 journal ={IEEE Transactions on Wireless Communication},
 issue_date = {July 2016},
 month = jul,
 year = {2016},
 numpages = {9},
 url = {https://ieeexplore.ieee.org/document/7522613},
 doi = {10.1109/TWC.2016.2594067},
 publisher = {IEEE},
 keywords = {Loss measurement, mathematical model, frequency measurements, receivers, propagation losses},
} 

@article{comparisonofempirical,
 author = {Abhayawardhana, V. and Wassell, I. and Crosby, D. and Sellars, M. and Brown, M.},
 title = {Comparison of Empirical Propagation Path Loss Models for Fixed Wireless Access Systems},
 journal ={2005 IEEE 61st Vehicular Technology Conference},
 issue_date = {June 2005},
 month = jun,
 year = {2005},
 numpages = {5},
 url = {https://ieeexplore.ieee.org/document/1543252},
 doi = {10.1109/VETECS.2005.1543252},
 publisher = {IEEE},
 keywords = {Propagation losses, predictive models, dispersion, stochastic processes, electromagnetic propagation, Antennas},
} 


@article{modelingand,
 author = {Zhou, C. and Jacksha, R.},
 title = {Modeling and Measurement of Radio Propagation in Tunnel Environments},
 journal ={IEEE Antennas and Wireless Propagation Letters},
 issue_date = {May 2016},
 month = may,
 year = {2016},
 numpages = {4},
 url = {https://ieeexplore.ieee.org/document/7464252},
 doi = {10.1109/LAWP.2016.2561903},
 publisher = {IEEE},
 keywords = {Frequency Measurements, antenna measurements, Radio frequency, ray tracing, receivers, Power measurements},
} 


@article{dttperformance,
 author = {Denkovska, M. and Latkoski, P. and Gavrilovska, L.},
 title = {DTT performance degradation in presence of coexisting LTE network interference},
 journal ={2014 4th International Conference on Wireless Communication, Vehicular Technology, Information Theory and Aerospace \& Electronic Systems},
 issue_date = {October 2014},
 month = oct,
 year = {2014},
 numpages = {5},
 url = {https://ieeexplore.ieee.org/document/6934487},
 doi = {10.1109/VITAE.2014.6934487},
 publisher = {IEEE},
 keywords = {Interference, receivers, degradation, base stations, mobile communication},
} 


@article{hybridRF,
 author = {Watza, S. and Rajasekaran, R. and Frew, E.},
 title = {Hybrid RF Propagation Model using ITM and Gaussian Process for Communication-Aware Planning},
 journal ={RSS 2017 Robot Communication in the Wild: Meeting the challenges of Real-world Systems},
 issue_date = {July 2017},
 month = jul,
 year = {2017},
 numpages = {8},
 url = {https://openreview.net/group?id=roboticsfoundation.org/RSS/2017/RCW_Workshop/-_Proceedings},
 publisher = {IEEE},
} 


@article{comparisonof,
 author = {Kasampalis, S. and Lazaridis, P. and Zaharis, Z. and Bizopoulos, A. and Zettas, S. and Cosmas, J.},
 title = {Comparison of Longley-Rice, ITM and ITWOM propagation models for DTV and FM Broadcasting},
 journal ={2013 16th International Symposium on Wireless Personal Multimedia Communications},
 issue_date = {June 2017},
 month = jun,
 year = {2017},
 numpages = {6},
 url = {https://ieeexplore.ieee.org/document/6618611},
 publisher = {IEEE},
 keywords = {Mobile Communication, Digital video broadcasting, Linux, lakes, measurement uncertainty},
} 


@article{asimulation,
 author = {Aguilar, S. and Merino, H.},
 title = {A Simulation of an IoT-based Solution Using LoRaWAN for Remote Stations of Peruvian Navy},
 journal ={2019 IEEE Latin-American Conference on Communications},
 issue_date = {November 2019},
 month = nov,
 year = {2019},
 numpages = {6},
 url = {https://ieeexplore.ieee.org/document/8937965},
 doi = {10.1109/LATINCOM48065.2019.8937965},
 publisher = {IEEE},
 keywords = {Logic gates, cloud computing, internet of things, sensors, servers, monitoring},
} 


@article{educationalsimulation,
 author = {Bjelopera, A. and Kajinic, M. and Dumic, E.},
 title = {Educational Simulation Tools for Radio Wave Propagation Models},
 journal ={International Journal of Education and Information Technolgies},
 issue_date = {November 2019},
 month = nov,
 year = {2019},
 numpages = {6},
 url = {https://www.naun.org/main/NAUN/educationinformation/2019/a202008-aas.pdf},
 publisher = {ResearchGate},
 keywords = {Propagation model, path loss, simulation, testing},
} 


@article{heuristicalgorithm,
 author = {Gronchla, K. and Polys, K.},
 title = {Heuristic Algorithm for Gateway Location Selection in Large Scale LoRa Networks},
 journal ={2020 International Wireless Communications and Mobile Computing},
 issue_date = {June 2020},
 month = jun,
 year = {2020},
 numpages = {6},
 url = {https://ieeexplore.ieee.org/abstract/document/9148435},
 doi = {10.1109/IWCMC48107.2020.9148435},
 publisher = {IEEE},
 keywords = {Logic gates, Chirp, Bandwidth, Planning, tools, Heuristic algorithms},
} 


%%% SPLAT
@Misc{splat,
  OPTkey = 	 {},
  author =	 "{John Magliacane}",
  title =	 "{SPLAT! is an RF Signal Propagation, Loss, And Terrain analysis tool for electromagnetic spectrum between 20 MHz and 20 GHz}",
  howpublished = {\url{https://www.qsl.net/kd2bd/splat.html}},
  OPTmonth = 	 {},
  OPTyear = 	 {},
  OPTnote = 	 {},
  OPTannote = 	 {}
}


%%% KIRK SHOUT FRAMEWORK
@Misc{shout,
  OPTkey = 	 {},
  author =	 "{Kirk Webb}",
  title =	 "{Shout Measurements Framework}",
  howpublished = {\url{https://gitlab.flux.utah.edu/powderrenewpublic/shout.git}},
  OPTmonth = 	 {},
  OPTyear = 	 {},
  OPTnote = 	 {},
  OPTannote = 	 {}
}

%%% SPLAT
@Misc{cloudrf,
  OPTkey = 	 {},
  author =	 "{Alex Farrant}",
  title =	 "{Cloud-RF is a user friendly service for modeling radio propagation}",
  howpublished = {\url{https://www.qsl.net/kd2bd/splat.html}},
  OPTmonth = 	 {},
  OPTyear = 	 {},
  OPTnote = 	 {},
  OPTannote = 	 {}
}

%%% Path loss
@Misc{pathlossmodels,
  OPTkey = 	 {},
  author =	 "{Neal Patwari}",
  title =	 "{Introduction to the Physical Layer}",
  howpublished = {\url{https://gitlab.flux.utah.edu/reu/reu2020/-/blob/master/training_material/patwari_notes.pdf}},
  OPTmonth = 	 {},
  OPTyear = 	 {},
  OPTnote = 	 {},
  OPTannote = 	 {}
}

%%% Path loss
@Misc{jeremyclark,
  OPTkey = 	 {},
  author =	 "{Jeremy Clark}",
  title =	 "{Telecommunications Navigation and Electronics}",
  howpublished = {\url{https://jeremyclark.ca/wp/telecom/splat-rf-signal-propagation-loss}},
  OPTmonth = 	 {},
  OPTyear = 	 {},
  OPTnote = 	 {},
  OPTannote = 	 {}
}


%%%%%%%%%%%%%%%%%%%%%%%%%%%%%%%%%%%%%%%%%%%%%%%%%%%%%%%%%%%%%%%%%%%%%%%%%%%%%%%

%% End of file.
