@article{openflow.wp,
 author = {McKeown, Nick and Anderson, Tom and Balakrishnan, Hari and Parulkar, Guru and Peterson, Larry and Rexford, Jennifer and Shenker, Scott and Turner, Jonathan},
 title = {OpenFlow: Enabling Innovation in Campus Networks},
 journal = {SIGCOMM Comput. Commun. Rev.},
 issue_date = {April 2008},
 volume = {38},
 number = {2},
 month = mar,
 year = {2008}
} 


@inproceedings{mininet.conext,
  author = {Handigol, Nikhil and Heller, Brandon and Jeyakumar, Vimalkumar and Lantz, Bob and McKeown, Nick},
  booktitle = {CoNEXT},
  ee = {http://doi.acm.org/10.1145/2413176.2413206},
  publisher = {ACM},
  title = {Reproducible network experiments using container-based emulation.},
  year = 2012
}

@Misc{mininet,
  OPTkey = 	 {},
  author =	 "{Mininet Team}",
  title =	 "{Mininet - An Instant Virtual Network on your Laptop (or other PC)}",
  howpublished = {\url{http://mininet.org}},
  OPTmonth = 	 {},
  OPTyear = 	 {},
  OPTnote = 	 {},
  OPTannote = 	 {}
}




@Misc{mininet.download,
  OPTkey = 	 {},
  author =	 "{Mininet Team}",
  title =	 "{Download/Get Started With Mininet}",
  howpublished = {\url{http://mininet.org/download}},
  OPTmonth = 	 {},
  OPTyear = 	 {},
  OPTnote = 	 {},
  OPTannote = 	 {}
}

@Misc{mininet.walkthrough,
  OPTkey = 	 {},
  author =	 "{Mininet Team}",
  title =	 "{Mininet Walkthrough}",
  howpublished = {\url{http://mininet.org/walkthrough/}},
  OPTmonth = 	 {},
  OPTyear = 	 {},
  OPTnote = 	 {},
  OPTannote = 	 {}
}

@Misc{openflow.wp.old,
  OPTkey = 	 {},
  author =	 {Nick McKeown and Tom Anderson and Hari Balakrishnan and Guru Parulkar and Larry Peterson and Jennifer Rexford and Scott Shenker and Jonathan Turner},
  title =	 "{OpenFlow: Enabling Innovation in Campus Networks}",
  howpublished = {\url{http://www.openflow.org/documents/openflow-wp-latest.pdf}},
  OPTmonth = 	 {},
  OPTyear = 	 {},
  OPTnote = 	 {},
  OPTannote = 	 {}
}


@Misc{openflow.specs,
  OPTkey = 	 {},
  author =	 "{Open Networking Foundation}",
  title =	 "{OpenFlow Switch Specifications}",
  howpublished = {\url{https://www.opennetworking.org/sdn-resources/onf-specifications/openflow}},
  OPTmonth = 	 {},
  OPTyear = 	 {},
  OPTnote = 	 {},
  OPTannote = 	 {}
}


@Misc{openflow.tutorial,
  OPTkey = 	 {},
  OPTauthor = 	 {},
  title =	 "{OpenFlow Tutorial}",
  howpublished = {\url{http://www.openflow.org/wk/index.php/OpenFlow_Tutorial}},
  OPTmonth = 	 {},
  OPTyear = 	 {},
  OPTnote = 	 {},
  OPTannote = 	 {}
}

@inproceedings{random.host.mutation,
 author = {Jafarian, Jafar Haadi and Al-Shaer, Ehab and Duan, Qi},
 title = {Openflow random host mutation: transparent moving target defense using software defined networking},
 booktitle = {Proceedings of the first workshop on Hot topics in software defined networks},
 series = {HotSDN '12},
 year = {2012},
 isbn = {978-1-4503-1477-0},
 location = {Helsinki, Finland},
 pages = {127--132},
 numpages = {6},
 url = {http://doi.acm.org/10.1145/2342441.2342467},
 doi = {10.1145/2342441.2342467},
 acmid = {2342467},
 publisher = {ACM},
 address = {New York, NY, USA},
 keywords = {ip mutation, moving target defense, security, software-defined networking},
} 

@article{how.to.read,
 author = {Keshav, S.},
 title = {How to read a paper},
 journal = {SIGCOMM Comput. Commun. Rev.},
 issue_date = {July 2007},
 volume = {37},
 number = {3},
 month = jul,
 year = {2007},
 issn = {0146-4833},
 pages = {83--84},
 numpages = {2},
 url = {http://doi.acm.org/10.1145/1273445.1273458},
 doi = {10.1145/1273445.1273458},
 acmid = {1273458},
 publisher = {ACM},
 address = {New York, NY, USA},
 keywords = {hints, paper, reading},
} 





















@article{aview,
 author = {Armbrust, M. and Fox, A. and Griffith, R. and Joseph, A. and Katz, R. and Konwinski, A. and Lee, G. and Patterson, D. and Rakin, A. and Stoica, I. and Zaharia, M.},
 title = {A View of Cloud Computing},
 journal = {Communications of the ACM},
 issue_date = {April 2010},
 volume = {53},
 number = {4},
 month = apr,
 year = {2010},
 pages = {50--58},
 numpages = {9},
 url = {https://doi.org/10.1145/1721654.1721672},
 doi = {10.1145/1721654.1721672},
 publisher = {ACM},
 keywords = {Cloud Computing, Computer Systems Organization, Architectures, Software and its engineering, Software organization and properties },
} 

@article{containerization,
 author = {Pahl, C.},
 title = {Containerization and the PaaS Cloud},
 journal = {IEEE Cloud Computing},
 issue_date = {15 July 2015},
 volume = {2},
 month = jul,
 year = {2015},
 pages = {24--31},
 numpages = {8},
 url = {https://doi.org/10.1109/MCC.2015.51},
 doi = {10.1109/MCC.2015.51},
 publisher = {IEEE},
 keywords = {Containerization, Virtualization, File Systems, Cloud Computing, Distributed Processing, Cloud, Cluster},
} 

@Misc{docker,
  OPTkey = 	 {},
  author =	 "{Turnbull, J.}",
  title =	 "{The Docker Book}",
  howpublished = {\url{https://dockerbook.com/}},
  OPTmonth = 	 {},
  OPTyear = 	 {},
  OPTnote = 	 {},
  OPTannote = 	 {}
}

@article{ez,
 author = {Zaheer, Z. and Chang, H. and Mukherjee, S. and Van der Merwe, J.},
 title = {eZTrust: Network-Independent Zero-Trust Perimeterization for Microservices},
 journal = {SOSR '19: Proceedings of the 2019 ACM Symposium on SDN Research},
 issue_date = {April 2019},
 month = apr,
 year = {2019},
 pages = {49--61},
 numpages = {13},
 url = {https://doi.org/10.1145/3314148.3314349},
 doi = {10.1145/3314148.3314349},
 publisher = {ACM},
 keywords = {Data center networks, Access control, Microservices, eBPF },
} 

@inproceedings{microservices,
  author = {Newman, S.},
  booktitle = {Building Microservices: Designing Fine-Grained Systems},
  publisher = {O'Reilly},
  year = 2015
}

@article{nfv,
 author = {Han, B. and Gopalakrishnan, V. and Ji, L. and Lee, S.},
 title = {Network Function Virtualization: Challenges and Opportunities for Innovations},
 journal ={IEEE Communications Magazine},
 issue_date = {February 2015},
 month = feb,
 year = {2015},
 pages = {90--97},
 numpages = {8},
 url = {https://doi.org/10.1109/MCOM.2015.7045396},
 doi = {10.1109/MCOM.2015.7045396},
 publisher = {IEEE},
 keywords = {Virtualization, network service provisioning },
} 

@article{iptv,
 author = {Aggarwal, V. and Gopalakrishnan, V. and Jana, R. and Ramakrishnan, K. and Vaishampayan, V.},
 title = {Optimizing cloud resources for delivering IPTV services through virtualization},
 journal = {2012 Fourth International Conference on Communication Systems and Networks},
 issue_date = {January 2012},
 month = jan,
 year = {2012},
 url = {https://doi.org/10.1109/COMSNETS.2012.6151343},
 doi = {10.1109/COMSNETS.2012.6151343},
 publisher = {IEEE},
 keywords = {Servers, Cost function, IPTV, Convex functions },
} 

@article{opennetvm,
 author = {Zhang, W. and Liu, G. and Zhang, We. and Shah, N. and Lopreiato, P. and Todeshi, G. and Ramakrishnan, K. and Wood, T.},
 title = {OpenNetVM: A Platform for High Performance Network Service Chains},
 journal ={HotMiddlebox '16: Proceedings of the 2016 workshop on Hot topics in Middleboxes and Network Function Virtualization},
 issue_date = {August 2016},
 month = aug,
 year = {2016},
 pages = {26--31},
 numpages = {6},
 url = {https://doi.org/10.1145/2940147.2940155},
 doi = {10.1145/2940147.2940155},
 publisher = {HotMiddlebox '16},
 keywords = {networks, network component, middle boxes, network applicances },
} 

@article{nfvsdn,
 author = {E.T.S Institute},
 title = {Network Function Virtualisation},
 journal ={SDN and OpenFlow World Congress},
 year = {2012},
 url = {https://portal.etsi.org/Portals/0/TBpages/NFV/Docs/NFV_White_Paper3.pdf},
 publisher = {SDN \& OpenFlow World Congress},
} 

@article{p4,
 author = {Bosshart, P. and Daly, D. Gibb, G. and Izzard, M. and Mckeown, N. and Rexford, J. and Schlesinger, C. and  Talayco, D. and Vahdat, A. and Varghese, G. and Walker, D.},
 title = {P4: programming protocol-independent packet proocessors},
 journal = {ACM SIGCOM Computer Communication Review},
 issue_date = {July 2014},
 month = jul,
 year = {2014},
 url = {https://doi.org/10.1145/2656877.2656890},
 doi = {10.1145/2656877.2656890},
 publisher = {ACM},
 keywords = { Networks, Network Protocols },
} 

@article{clickmodular,
 author = {Kohler, E. and Morris, R. and Chen, B. and Jannotti, J. and Kaashoek, M.},
 title = {The click modular router},
 journal = {ACM Transactions on Computer Systems },
 issue_date = {August 2000},
 month = aug,
 year = {2000},
 url = {https://doi.org/10.1145/354871.354874},
 doi = {10.1145/354871.354874},
 publisher = {ACM},
 keywords = { Networks, Network Components, intermediate nodes },
} 













































