@article{openflow.wp,
 author = {McKeown, Nick and Anderson, Tom and Balakrishnan, Hari and Parulkar, Guru and Peterson, Larry and Rexford, Jennifer and Shenker, Scott and Turner, Jonathan},
 title = {OpenFlow: Enabling Innovation in Campus Networks},
 journal = {SIGCOMM Comput. Commun. Rev.},
 issue_date = {April 2008},
 volume = {38},
 number = {2},
 month = mar,
 year = {2008}
} 


@inproceedings{mininet.conext,
  author = {Handigol, Nikhil and Heller, Brandon and Jeyakumar, Vimalkumar and Lantz, Bob and McKeown, Nick},
  booktitle = {CoNEXT},
  ee = {http://doi.acm.org/10.1145/2413176.2413206},
  publisher = {ACM},
  title = {Reproducible network experiments using container-based emulation.},
  year = 2012
}

@Misc{mininet,
  OPTkey = 	 {},
  author =	 "{Mininet Team}",
  title =	 "{Mininet - An Instant Virtual Network on your Laptop (or other PC)}",
  howpublished = {\url{http://mininet.org}},
  OPTmonth = 	 {},
  OPTyear = 	 {},
  OPTnote = 	 {},
  OPTannote = 	 {}
}




@Misc{mininet.download,
  OPTkey = 	 {},
  author =	 "{Mininet Team}",
  title =	 "{Download/Get Started With Mininet}",
  howpublished = {\url{http://mininet.org/download}},
  OPTmonth = 	 {},
  OPTyear = 	 {},
  OPTnote = 	 {},
  OPTannote = 	 {}
}

@Misc{mininet.walkthrough,
  OPTkey = 	 {},
  author =	 "{Mininet Team}",
  title =	 "{Mininet Walkthrough}",
  howpublished = {\url{http://mininet.org/walkthrough/}},
  OPTmonth = 	 {},
  OPTyear = 	 {},
  OPTnote = 	 {},
  OPTannote = 	 {}
}

@Misc{openflow.wp.old,
  OPTkey = 	 {},
  author =	 {Nick McKeown and Tom Anderson and Hari Balakrishnan and Guru Parulkar and Larry Peterson and Jennifer Rexford and Scott Shenker and Jonathan Turner},
  title =	 "{OpenFlow: Enabling Innovation in Campus Networks}",
  howpublished = {\url{http://www.openflow.org/documents/openflow-wp-latest.pdf}},
  OPTmonth = 	 {},
  OPTyear = 	 {},
  OPTnote = 	 {},
  OPTannote = 	 {}
}


@Misc{openflow.specs,
  OPTkey = 	 {},
  author =	 "{Open Networking Foundation}",
  title =	 "{OpenFlow Switch Specifications}",
  howpublished = {\url{https://www.opennetworking.org/sdn-resources/onf-specifications/openflow}},
  OPTmonth = 	 {},
  OPTyear = 	 {},
  OPTnote = 	 {},
  OPTannote = 	 {}
}


@Misc{openflow.tutorial,
  OPTkey = 	 {},
  OPTauthor = 	 {},
  title =	 "{OpenFlow Tutorial}",
  howpublished = {\url{http://www.openflow.org/wk/index.php/OpenFlow_Tutorial}},
  OPTmonth = 	 {},
  OPTyear = 	 {},
  OPTnote = 	 {},
  OPTannote = 	 {}
}

@inproceedings{random.host.mutation,
 author = {Jafarian, Jafar Haadi and Al-Shaer, Ehab and Duan, Qi},
 title = {Openflow random host mutation: transparent moving target defense using software defined networking},
 booktitle = {Proceedings of the first workshop on Hot topics in software defined networks},
 series = {HotSDN '12},
 year = {2012},
 isbn = {978-1-4503-1477-0},
 location = {Helsinki, Finland},
 pages = {127--132},
 numpages = {6},
 url = {http://doi.acm.org/10.1145/2342441.2342467},
 doi = {10.1145/2342441.2342467},
 acmid = {2342467},
 publisher = {ACM},
 address = {New York, NY, USA},
 keywords = {ip mutation, moving target defense, security, software-defined networking},
} 

@article{how.to.read,
 author = {Keshav, S.},
 title = {How to read a paper},
 journal = {SIGCOMM Comput. Commun. Rev.},
 issue_date = {July 2007},
 volume = {37},
 number = {3},
 month = jul,
 year = {2007},
 issn = {0146-4833},
 pages = {83--84},
 numpages = {2},
 url = {http://doi.acm.org/10.1145/1273445.1273458},
 doi = {10.1145/1273445.1273458},
 acmid = {1273458},
 publisher = {ACM},
 address = {New York, NY, USA},
 keywords = {hints, paper, reading},
} 

@article{aview,
 author = {Armbrust, M. and Fox, A. and Griffith, R. and Joseph, A. and Katz, R. and Konwinski, A. and Lee, G. and Patterson, D. and Rakin, A. and Stoica, I. and Zaharia, M.},
 title = {A View of Cloud Computing},
 journal = {Communications of the ACM},
 issue_date = {April 2010},
 volume = {53},
 number = {4},
 month = apr,
 year = {2010},
 pages = {50--58},
 numpages = {9},
 url = {https://doi.org/10.1145/1721654.1721672},
 doi = {10.1145/1721654.1721672},
 publisher = {ACM},
 keywords = {Cloud Computing, Computer Systems Organization, Architectures, Software and its engineering, Software organization and properties },
} 

@article{fbi,
 author = {McMillan, R.},
 title = {FBI Raids Dallas Internet Service Provider Core IP},
 journal = {PCWorld},
 issue_date = {April 2009},
 month = apr,
 year = {2009},
 url = {https://www.pcworld.com/article/162584/fbi_raids_dallas_isp.html},
 publisher = {IDG},
} 